@INPROCEEDINGS{
	gpu_atlp, 
	author={Chao-Chin Wu and Jenn-Yang Ke and Heshan Lin and Wu-chun Feng}, 
	booktitle={Parallel and Distributed Systems (ICPADS), 2011 IEEE 17th International Conference on},
	title={Optimizing Dynamic Programming on Graphics Processing Units via Adaptive Thread-Level Parallelism}, 
	year={2011}, 
	month={dec.}, 
	volume={}, 
	number={}, 
	pages={96 -103}, 
	keywords={CPU-based parallel systems;adaptive thread-level parallelism;discrete optimization problems;graphics processing units;nonserial polyadic dynamic programming;optimal matrix parenthesization problem;optimization equation;dynamic programming;graphics processing units;parallel processing;}, 
	doi={10.1109/ICPADS.2011.92}, 
	ISSN={1521-9097},
}

@INPROCEEDINGS{
	gpu_barrier, 
	author={Shucai Xiao and Wu-chun Feng}, 
	booktitle={Parallel Distributed Processing (IPDPS), 2010 IEEE International Symposium on}, title={Inter-block GPU communication via fast barrier synchronization}, 
	year={2010}, 
	month={april}, 
	volume={}, 
	number={}, 
	pages={1 -12}, 
	keywords={CPU;bitonic sort;dynamic programming;fast Fourier transform;fast barrier synchronization;graphics processing units;inter-block GPU communication;computer graphic equipment;computer graphics;coprocessors;synchronisation;}, 
	doi={10.1109/IPDPS.2010.5470477}, 
	ISSN={1530-2075},
}