@TechReport{tutorial99-alpha,
  author = 	 {F. {Dupont de Dinechin} and P. Quinton and
S. Rajopadhye
T. Risset},
  title = 	 {First Steps in Alpha},
  institution =  {Irisa},
  year = 	 1999,
  type =	 {Publication Interne},
  number =	 1244
}
@MANUAL{Alpha97a,
        AUTHOR             = {Api-Cosi},
        TITLE              = {MMAlpha Reference Manual},
        YEAR               = {1997}
}

@PHDTHESIS{Mauras89,
        AUTHOR             = {C. Mauras},
        MONTH              = dec,
        SCHOOL             = {Universit\'e de Rennes 1, IFSIC},
        TITLE              = {{Alpha\,: un langage \'equationnel pour la conception et la programmation d'architectures parall\`eles synchrones}},
        YEAR               = {1989}
}@ARTICLE{KaMiWi67,
        AUTHOR             = {R.M. Karp and R.E. Miller and S. Winograd},
        JOURNAL            = {Journal of the ACM},
        MONTH              = jul,
        NUMBER             = {3},
        PAGES              = {563-590},
        TITLE              = {The Organization of Computations for Uniform Recurrence Equations},
        VOLUME             = {14},
        YEAR               = {1967}
}@TECHREPORT{Wilde93,
        AUTHOR             = {Wilde, D.},
        ADDRESS            = {Rennes, France},
        INSTITUTION        = {IRISA},
        MONTH              = {Dec},
        NUMBER             = {827},
        TITLE              = {The Alpha language},
        YEAR               = {1994}
}
@TECHREPORT{wilde-tech94,
        AUTHOR             = {D. K. Wilde},
        ADDRESS            = {Campus de Beaulieu, 35042 Rennes Cedex, France},
        INSTITUTION        = {IRISA},
        MONTH              = {Jan},
        NUMBER             = {999},
        TITLE              = {The {A}lpha Language},
        TYPE               = {Research Report},
        YEAR               = {1994}
}
@TECHREPORT{FeautrierTa90,
        AUTHOR             = {Paul Feautrier and Nadia Tawbi},
        ADDRESS            = {UPMC, Laboratoire MASI},
        INSTITUTION        = {Institut Blaise Pascal},
        MONTH              = jan,
        NUMBER             = {90-2},
        TITLE              = {R\'{e}solution de Syst\`{e}mes d'In\'{e}quations Lin\'{e}aires; mode d'emploi du logiciel PIP},
        YEAR               = {1990}
}
@INPROCEEDINGS{Patricia96,
        AUTHOR             = {P. {Le Moenner} and L. Perraudeau and S. Rajopadhye and T. Risset and P. Quinton},
        BOOKTITLE          = {Massively Parallel Computing Systems (MPCS'96)},
        MONTH              = may,
        TITLE              = {Generating Regular Arithmetic Circuits with {A}lp{H}ard},
        YEAR               = {1996}
}
@INPROCEEDINGS{BQRR,
        AUTHOR             = {Balev, S. and Quinton, P. and Rajopadhye, S. V. and Risset, T.},
        BOOKTITLE          = { 10th ACM Symposium on
                             Parallel Algorithms and
                             Architectures (SPAA)},
        TITLE              = {Linear Programming Models for Scheduling Systems of Affine Recurrence Equations  -- a Comparative Study --},
        YEAR               = {1998}
}

  @INPROCEEDINGS{Ris21,
        AUTHOR             = {Florent de Dinechin, Tanguy Risset and Sophie Robert},
        BOOKTITLE          = {Parallel computing},
        TITLE              = {Hierarchical Static Analysis for Improving the Complexity of Linear Algebra Algorithms},
        YEAR               = {1997}
}
@INPROCEEDINGS{DupontQuRi95,
        AUTHOR             = {F. D. {De Dinechin} and P. Quinton and T. Risset},
        BOOKTITLE          = {Massively Parallel Programming Models},
        EDITOR             = {W.K Giloi and S. Jahnichen and B.D. Shriver},
        PAGES              = {18-24},
        PUBLISHER          = {IEEE Conmputer Society Press},
        TITLE              = {Structuration of the Alpha Language},
        YEAR               = {1995}
}
@TECHREPORT{DuRiRo97,
        AUTHOR             = {Florent Dupont {De Dinechin} and Sophie Robert and  Tanguy Risset},
        ADDRESS            = {Rennes, France},
        INSTITUTION        = {IRISA},
        NUMBER             = {1140},
        TITLE              = {Structured Scheduling of Recurrence Equations},
        YEAR               = {1997}
}
@INPROCEEDINGS{QuRaRi96a,
        AUTHOR             = {Quinton, P. and Rajopadhye, S. V. and Risset, T.},
        BOOKTITLE          = {Int. Conf. on Application Specific Array Processors},
        TITLE              = {Extension of the {\sc Alpha} language to recurrences on sparse periodic domains},
        YEAR               = {1996}
}
@Article{QuRaRi97a,
  author =       {Quinton, P. and Rajopadhye, S. V. and Risset, T.},
  title =        {On Manipulating Z-polyhedra using a Canonical
                  Representation},
  journal =      {Parallel Processing Letters},
  year =         1997,
  volume =       7,
  number =       2,
  pages =        {181-194},
  month =        {June}
}
@PHDTHESIS{Lemoenne,
        AUTHOR             = {Patricia {Le Mo\"enner}},
        MONTH              = nov,
        SCHOOL             = {universit\'{e} de Rennes I},
        TITLE              = {Contribution \`a la r\'ealisation d'une cha\^ine compl\`ete pour la synth\`ese de circuits r\'eguliers},
        TYPE               = {Th\`{e}se de doctorat},
        YEAR               = {1997}
}
@TECHREPORT{polylib,
        AUTHOR             = {Wilde, D.},
        ADDRESS            = {Rennes, France},
        INSTITUTION        = {IRISA},
        NUMBER             = {785},
        TITLE              = {A library for doing polyhedral operations},
        YEAR               = {1993}
}
