@TECHREPORT{Wilde93,
         AUTHOR             = {Wilde, D.},
         ADDRESS            = {Rennes, France},
         INSTITUTION        = {Irisa},
         MONTH              = {Dec},
         NUMBER             = {827},
         TITLE              = {The {Alpha} language},
         YEAR              =  {1994}
}

@PHDTHESIS{Mauras89,
         AUTHOR             = {C. Mauras},
         TYPE               = {Th\`{e}se de doctorat},
         MONTH              = dec,
         SCHOOL             = {Ifsic, Universit\'e de Rennes 1 },
         TITLE              = {{{Alpha}\,: un langage \'equationnel  
pour la conception et la programmation d'architectures parall\`eles  
synchrones}},
         YEAR               = {1989}
}

@ARTICLE{Feautrier92aa,
         AUTHOR             = {P. Feautrier},
         JOURNAL            = {Int. J. of Parallel Programming},
         MONTH              = Oct,
         NUMBER             = {5},
         PAGES              = {313-348},
         TITLE              = {Some Efficient Solutions to the Affine  
Scheduling Problem, Part {I}, One Dimensional Time},
         VOLUME             = {21},
         YEAR               = {1992}
}

@INPROCEEDINGS{MQRS90,
         AUTHOR             = {C. Mauras and P. Quinton and S.  
Rajopadhye and Y. Saouter},
         BOOKTITLE          = {Application Specific Array Processors},
         EDITOR             = {S.Y Kung and E.E. Swartzlander, Jr.  
and J.A.B. Fortes and K.W. Przytula},
         MONTH              = sep,
         PAGES              = {100-110},
         PUBLISHER          = {IEEE Computer Society Press},
         TITLE              = {Scheduling Affine Parameterized  
Recurrences by Means of Variable Dependent Timing Functions},
         YEAR               = {1990}
}

@ARTICLE{Feautrier92bb,
         AUTHOR             = {P. Feautrier},
         JOURNAL            = {Int. J. of Parallel Programming},
         MONTH              = Dec,
         NUMBER             = {6},
         TITLE              = {Some Efficient Solution to the Affine  
Scheduling Problem, Part {II}, Multidimensional Time},
         VOLUME             = {21},
         YEAR               = {1992}
}

@ARTICLE{Feautrier88b,
         AUTHOR             = {P. Feautrier},
         JOURNAL            = {RAIRO Recherche Op\'{e}rationnelle},
         MONTH              = Sep,
         PAGES              = {243--268},
         TITLE              = {Parametric Integer Programming},
         VOLUME             = {22},
         YEAR               = {1988}
}

