@PHDTHESIS { para_dprec,
	author = {Arpith Chacko Jacob},
	title = {Parallelization of Dynamic Programming Recurrences in Computational Biology},
	school = {Washington University},
	year = {2011},
	address = {St. Louis, Missouri, USA},}

@INPROCEEDINGS { gpu_atlp, 
	author={Chao-Chin Wu and Jenn-Yang Ke and Heshan Lin and Wu-chun Feng}, 
	booktitle={Parallel and Distributed Systems (ICPADS), 2011 IEEE 17th International Conference on},
	title={Optimizing Dynamic Programming on Graphics Processing Units via Adaptive Thread-Level Parallelism}, 
	year={2011}, 
	month={dec.}, 
	volume={}, 
	number={}, 
	pages={96-103}, 
	doi={10.1109/ICPADS.2011.92}, 
	ISSN={1521-9097},
}

@INPROCEEDINGS { gpu_barrier, 
	author={Shucai Xiao and Wu-chun Feng}, 
	booktitle={Parallel Distributed Processing (IPDPS), 2010 IEEE International Symposium on},
	title={Inter-block GPU communication via fast barrier synchronization}, 
	year={2010}, 
	month={april}, 
	volume={}, 
	number={}, 
	pages={1-12}, 
	doi={10.1109/IPDPS.2010.5470477}, 
	ISSN={1530-2075},
}

@ARTICLE { swat_gpu,
	author = {Sandes, Edans Flavius O. and de Melo, Alba Cristina M.A.},
	title = {CUDAlign: using GPU to accelerate the comparison of megabase genomic sequences},
	journal = {SIGPLAN Not.},
	issue_date = {May 2010},
	volume = {45},
	number = {5},
	month = jan,
	year = {2010},
	issn = {0362-1340},
	pages = {137--146},
	numpages = {10},
	url = {http://doi.acm.org/10.1145/1837853.1693473},
	doi = {10.1145/1837853.1693473},
	acmid = {1693473},
	publisher = {ACM},
	address = {New York, NY, USA},
} 

@ARTICLE { swat_mega,
	author = {Edans Flavius de O. Sandes and Alba Cristina M. A. de Melo},
	title = {Retrieving Smith-Waterman Alignments with Optimizations for Megabase Biological Sequences using GPU},
	journal ={IEEE Transactions on Parallel and Distributed Systems},
	volume = {99},
	number = {PrePrints},
	issn = {1045-9219},
	year = {2012},
	doi = {http://doi.ieeecomputersociety.org/10.1109/TPDS.2012.194},
	publisher = {IEEE Computer Society},
	address = {Los Alamitos, CA, USA},
}

@INPROCEEDINGS { adp,
	author = {Giegerich, Robert and Meyer, Carsten},
	title = {Algebraic Dynamic Programming},
	booktitle = {Proceedings of the 9th International Conference on Algebraic Methodology and Software Technology},
	series = {AMAST '02},
	year = {2002},
	isbn = {3-540-44144-1},
	pages = {349--364},
	numpages = {16},
	url = {http://dl.acm.org/citation.cfm?id=646061.676145},
	acmid = {676145},
	publisher = {Springer-Verlag},
	address = {London, UK, UK},
}

@INPROCEEDINGS {
	adp_gpu,
	author = {Steffen, Peter and Giegerich, Robert and Giraud, Mathieu},
	title = {GPU parallelization of algebraic dynamic programming},
	booktitle = {Proceedings of the 8th international conference on Parallel processing and applied mathematics: Part II},
	series = {PPAM'09},
	year = {2010},
	isbn = {3-642-14402-0, 978-3-642-14402-8},
	location = {Wroclaw, Poland},
	pages = {290-299},
	numpages = {10},
	url = {http://dl.acm.org/citation.cfm?id=1893586.1893623},
	acmid = {1893623},
	publisher = {Springer-Verlag},
	address = {Berlin, Heidelberg},
}

@MISC { adp_fusion,
	author = {Christian Hoener},
	title = {ADPfusion package for Haskell},
	year = {2012},
	howpublished = {\url{http://hackage.haskell.org/package/ADPfusion}}
}

@INPROCEEDINGS { scatter_alloc, 
	author={Steinberger, M. and Kenzel, M. and Kainz, B. and Schmalstieg, D.},
	booktitle={Innovative Parallel Computing (InPar), 2012}, title={ScatterAlloc: Massively parallel dynamic memory allocation for the GPU},
	year={2012},
	month={may},
	volume={},
	number={},
	pages={1-10},
	doi={10.1109/InPar.2012.6339604}
}

@INPROCEEDINGS { swat_fpga,
	author = {Zhang, Peiheng and Tan, Guangming and Gao, Guang R.},
	title = {Implementation of the Smith-Waterman algorithm on a reconfigurable supercomputing platform},
	booktitle = {Proceedings of the 1st international workshop on High-performance reconfigurable computing technology and applications: held in conjunction with SC07},
	series = {HPRCTA '07},
	year = {2007},
	isbn = {978-1-59593-894-7},
	location = {Reno, Nevada},
	pages = {39--48},
	numpages = {10},
	url = {http://doi.acm.org/10.1145/1328554.1328565},
	doi = {10.1145/1328554.1328565},
	acmid = {1328565},
	publisher = {ACM},
	address = {New York, NY, USA}
} 

@INPROCEEDINGS { delite,
	author = {Chafi, Hassan and Sujeeth, Arvind K. and Brown, Kevin J. and Lee, HyoukJoong and Atreya, Anand R. and Olukotun, Kunle},
	title = {A domain-specific approach to heterogeneous parallelism},
	booktitle = {Proceedings of the 16th ACM symposium on Principles and practice of parallel programming},
	series = {PPoPP '11},
	year = {2011},
	isbn = {978-1-4503-0119-0},
	location = {San Antonio, TX, USA},
	pages = {35--46},
	numpages = {12},
	url = {http://doi.acm.org/10.1145/1941553.1941561},
	doi = {10.1145/1941553.1941561},
	acmid = {1941561},
	publisher = {ACM},
	address = {New York, NY, USA}
} 